<?xml version="1.0" encoding="UTF-8"?><collection xmlns="http://www.loc.gov/MARC21/slim"><record><leader>00515nam--2200181-i-4500</leader><controlfield tag="001">000015329</controlfield><controlfield tag="002">20161230</controlfield><controlfield tag="005">20161230201031</controlfield><controlfield tag="008">060222s1000------------r-----000-0-fre-d</controlfield><datafield ind1=" " ind2=" " tag="040"><subfield code="a">IFIN-HH</subfield></datafield><datafield ind1=" " ind2=" " tag="041"><subfield code="a">fre</subfield></datafield><datafield ind1=" " ind2=" " tag="080"><subfield code="a">536.7:541.11</subfield></datafield><datafield ind1="1" ind2=" " tag="100"><subfield code="a">Boutaric, A</subfield></datafield><datafield ind1="1" ind2="0" tag="245"><subfield code="a">Thermodynamique et chimie. d`apres la deuxieme edition de l`ougrage de pierre duhem</subfield><subfield code="c">A. boutraic</subfield></datafield><datafield ind1=" " ind2=" " tag="260"><subfield code="a">Paris</subfield><subfield code="b">Librairie Scientifique J.Hermann</subfield><subfield code="c">1926</subfield></datafield><datafield ind1=" " ind2=" " tag="300"><subfield code="a">VI+651 P</subfield></datafield><datafield ind1=" " ind2=" " tag="852"><subfield code="a">72059</subfield><subfield code="c">H.H</subfield></datafield><datafield ind1=" " ind2=" " tag="CAT"><subfield code="a">Sys</subfield><subfield code="c">20130417</subfield><subfield code="h">171125</subfield></datafield></record></collection>